<?xml version="1.0" encoding="UTF-8"?><collection><record><leader>06525ntm a2200577 a 4500</leader><controlfield tag="001">006837661</controlfield><controlfield tag="003">MiAaHDL</controlfield><controlfield tag="005">20190719000000.0</controlfield><controlfield tag="006">m        d        </controlfield><controlfield tag="007">cr bn ---auaua</controlfield><controlfield tag="008">090710q18111864xx            00| ||per d</controlfield><datafield tag="035" ind1=" " ind2=" "><subfield code="a">(MiU)006837661</subfield></datafield><datafield tag="035" ind1=" " ind2=" "><subfield code="a">sdr-miu006837661</subfield></datafield><datafield tag="040" ind1=" " ind2=" "><subfield code="a">MiU</subfield><subfield code="c">MiU</subfield><subfield code="e">amremm</subfield></datafield><datafield tag="043" ind1=" " ind2=" "><subfield code="a">n-us-mi</subfield></datafield><datafield tag="100" ind1="1" ind2=" "><subfield code="6">880-01</subfield><subfield code="a">Akhtar, Muḥammad Ṣādiq</subfield></datafield><datafield tag="245" ind1="1" ind2="0"><subfield code="6">880-03</subfield><subfield code="a">Ḥadīqat al-irshād,</subfield><subfield code="f">[early 19th century].</subfield></datafield><datafield tag="246" ind1="3" ind2="8"><subfield code="a">Hadiqat ul Irshad</subfield></datafield><datafield tag="246" ind1="3" ind2=" "><subfield code="a">حجيقة الارشاد</subfield></datafield><datafield tag="260" ind1=" " ind2=" "><subfield code="c">[1811-1864?].</subfield></datafield><datafield tag="300" ind1=" " ind2=" "><subfield code="a">148 leaves :</subfield><subfield code="b">paper ;</subfield><subfield code="c">220 x 115 (185 x 70) mm. bound to 225 x 125 mm.</subfield></datafield><datafield tag="500" ind1=" " ind2=" "><subfield code="a">Shelfmark: Ann Arbor, University of Michigan, Special Collections Library, Isl. Ms. 890</subfield></datafield><datafield tag="500" ind1=" " ind2=" "><subfield code="a">Origin: Lacks dated scribal colophon ; date of composition and dedication (executed for Naṣīr al-Dawlah Fāris al-Mulk Navvāb Muḥammad ʻAlīʹkhān Bahādur Sipahdār Jang / نصير الدوله فارس الملك نواب محمد عليخان بهادر سپهدار جنگ ) appear in authorial colophon on p.300, Rabīʻ II 1226 [1811] ; date in octagonal seal impression provides only a very approximate terminus ante quem of 1864 ; paper, etc. suggest 19th century.</subfield></datafield><datafield tag="500" ind1=" " ind2=" "><subfield code="a">Accompanying materials: a. Slip with note "Counted for 1968/69 Annual Report" -- b. Slip with note "Persian MSS (Heyworth-Dunne?) with Husselman and Meredith-Owen notes" -- c. Scrap with description in black ink "Muḥammad Ṣādiḳ Khān called Akhhan ? | Hadīḳat al Irshād. A treatise on the art of composition. AH. 1226 = A.D. 1811" -- d. Slip with description (in hand of E. Husselman ?) "Muẖammad Ṣādiḳ Khan, called Akhbar | Hadiḳat al-Irshād | n.f. in BMCat. Pers. bks or MSS | Not in U. of M. MSS. | 148 ff. | 295 pp." -- e. Slip with description in hand of G. Meredith-Owens "MO 20 Ḥadīqat al-irshād by Muḥammad Ṣādiq Khān called Akhbār (?). A treatise on the art of composition" -- f. Slip or tag with "#3" in red pencil -- g. Page torn from Luzac &amp; Co. catalog, 1908, 'Books on Modern Persian Literature,' with description of this manuscript "237 MOHAMMAD SĀDIK KHAN, called AKHBAR. Hadikat al Irshād. A treatise on the Art of Composition. Persian MS. Roy. 8vo. 8s. 6d. Dated 1811"</subfield></datafield><datafield tag="500" ind1=" " ind2=" "><subfield code="a">Former shelfmark: Mich. Isl. Ms. temp. no. 39</subfield></datafield><datafield tag="500" ind1=" " ind2=" "><subfield code="a">Binding: Boards covered in orange-red cloth with dark brown leather over spine and board corners (half binding) ; Western style binding ; pastedowns and flyleaves in untinted wove paper ; leather blind-tooled with toothed border ; spine gold-stamped with title "HADIQAT | UL | IRSHAD" and rules defining raised bands ; edges of text block flecked with red ; sewn over five recessed cords ; stuck-on endbands in red and yellow ; overall in fair condition with some abrasion and deterioration of spine leather, etc.</subfield></datafield><datafield tag="500" ind1=" " ind2=" "><subfield code="a">Support: non-European (likely Indian or Persian) laid paper with roughly 11 laid lines per cm. (mainly horizontal, somewhat indistinct, curving) and occasional chain lines, cloudy formation, inclusions and fibers visible, thin and transluscent though sturdy, dark cream in color, burnished ; some pest damage and repairs (fills) ; blocking between pp.244-245.</subfield></datafield><datafield tag="500" ind1=" " ind2=" "><subfield code="a">Decoration: Keywords and headings rubricated ; textual dividers in the form of inverted commas ; overlining in red ; overlining with two-teeth stroke in red ; a table (جدول) on p.283 and a few other diagrams.</subfield></datafield><datafield tag="500" ind1=" " ind2=" "><subfield code="a">Script: Nastaʻlīq ; elegant, spacious, Indian [?] hand ; serifless with dramatic effect of words descending to baseline, elongation of horizontal strokes, pointing (two and three dots) mainly in strokes rather than distinct dots, some free assimilation of letters.</subfield></datafield><datafield tag="500" ind1=" " ind2=" "><subfield code="a">Layout: Written in 15 lines per page, occasionally divided to two columns ; frame-ruled.</subfield></datafield><datafield tag="500" ind1=" " ind2=" "><subfield code="a">Collation: iv, 12 IV(96), III (102), 5 IV(142), III (148), i ; amost exclusively quaternions except for two ternions ; middle of the quire marks in the form of short black strokes in the upper outer corner of the right-hand leaf and lower-outer corner of the left-hand leaf ; several leaves at opening left blank ; catchwords present ; pagination in pencil, Western numerals, supplied during digitization (includes flyleaves and mistakenly repeats p.242 two additional times).</subfield></datafield><datafield tag="500" ind1=" " ind2=" "><subfield code="a">Colophon: "Authorial," rectangular, reads "الحمد لله و المنة که بقدر یافت و استعدادی ... در ماه ربیع الثانی سنه ۱۲۲۶ هزار و دو صد بیست و شش هجرى قدسی بموجب ارشاد کرامت ... نصیر الدوله فارس الملک نواب محمد علیخان بهادر سپهدار جنگ ... تمت تمام شد"</subfield></datafield><datafield tag="500" ind1=" " ind2=" "><subfield code="a">Explicit: "ر اتمامي حاصل آید بخیر دیگر حاجت مند شود"</subfield></datafield><datafield tag="500" ind1=" " ind2=" "><subfield code="a">Incipit: "بانشای سپاس بدیع نگاری رگ ابر قلم تردست ..."</subfield></datafield><datafield tag="500" ind1=" " ind2=" "><subfield code="a">Title from inscription on 'title page' (p.9).</subfield></datafield><datafield tag="500" ind1=" " ind2=" "><subfield code="a">Ms. codex.</subfield></datafield><datafield tag="520" ind1="8" ind2=" "><subfield code="a">Fine copy of a treatise on the art of composition by Muḥammad Ṣādiq Khān, known as Akhtar (d.1858?).</subfield></datafield><datafield tag="538" ind1=" " ind2=" "><subfield code="a">Mode of access: Internet.</subfield></datafield><datafield tag="541" ind1=" " ind2=" "><subfield code="c">Gift ;</subfield><subfield code="a">Acquired from Frank E. Nuttall (1875-1943).</subfield></datafield><datafield tag="546" ind1=" " ind2=" "><subfield code="a">Persian.</subfield></datafield><datafield tag="561" ind1=" " ind2=" "><subfield code="a">Possible former inventory marks in pencil "MS | 1906" and "8 / 6" on verso of front flyleaf (p.2) ; listing of imāms on p.3 ; title and former inventory number in pencil on 'title page' (p.9) "No. 122 Hadiqat ul Irshad MSS." ; octagonal seal impression in name of Mumtāz Ḥusayn Khān, apparently dated 1280 [1863 or 4] on incipit page (p.10) ; on back flyleaf (p.304), stamp in name of James O'Kinealy (1837-1903), reads "J. O'KINEALY." in purple ink, repeated on lower pastedown ; occasional marginal corrections.</subfield></datafield><datafield tag="650" ind1=" " ind2="0"><subfield code="a">Manuscripts, Persian</subfield><subfield code="z">Michigan</subfield><subfield code="z">Ann Arbor.</subfield></datafield><datafield tag="650" ind1=" " ind2="0"><subfield code="a">Persian language</subfield><subfield code="x">Composition and exercises.</subfield></datafield><datafield tag="650" ind1=" " ind2="0"><subfield code="a">Persian language</subfield><subfield code="x">Style.</subfield></datafield><datafield tag="700" ind1="1" ind2=" "><subfield code="a">Nuttall, Frank E.,</subfield><subfield code="d">1875-1943,</subfield><subfield code="e">former owner.</subfield></datafield><datafield tag="700" ind1="1" ind2=" "><subfield code="a">O'Kinealy, J.</subfield><subfield code="q">(James),</subfield><subfield code="e">former owner.</subfield></datafield><datafield tag="700" ind1="0" ind2=" "><subfield code="a">ممتاز حسين خان,</subfield><subfield code="e">مالك سابق.</subfield></datafield><datafield tag="700" ind1="0" ind2=" "><subfield code="6">880-05</subfield><subfield code="a">Mumtāz Ḥusayn Khān,</subfield><subfield code="d">fl. 1863,</subfield><subfield code="e">former owner.</subfield></datafield><datafield tag="773" ind1="0" ind2=" "><subfield code="a">F. E. Nuttall Collection.</subfield></datafield><datafield tag="880" ind1="1" ind2="0"><subfield code="6">245-03/</subfield><subfield code="a">حدیقة الارشاد,</subfield><subfield code="f">[آغاز قرن 19م].</subfield></datafield><datafield tag="880" ind1="1" ind2=" "><subfield code="6">100-01/</subfield><subfield code="a">اختر، محمد صادق.</subfield></datafield><datafield tag="CID" ind1=" " ind2=" "><subfield code="a">006837661</subfield></datafield><datafield tag="DAT" ind1="0" ind2=" "><subfield code="a">20190719102642.0</subfield><subfield code="b">20190719000000.0</subfield></datafield><datafield tag="DAT" ind1="1" ind2=" "><subfield code="a">20190719090653.0</subfield><subfield code="b">2019-07-19T16:12:33Z</subfield></datafield><datafield tag="DAT" ind1="2" ind2=" "><subfield code="a">2015-10-10T18:00:06Z</subfield></datafield><datafield tag="CAT" ind1=" " ind2=" "><subfield code="a">SDR-MIU</subfield><subfield code="d">EX LIBRIS - ALEPH</subfield><subfield code="l">prepare.pl-004-008</subfield></datafield><datafield tag="FMT" ind1=" " ind2=" "><subfield code="a">BK</subfield></datafield><datafield tag="HOL" ind1=" " ind2=" "><subfield code="0">sdr-miu006837661</subfield><subfield code="a">MiU</subfield><subfield code="b">SDR</subfield><subfield code="c">MIU</subfield><subfield code="p">mdp.39015079132679</subfield><subfield code="s">MIU</subfield><subfield code="1">006837661</subfield></datafield><datafield tag="974" ind1=" " ind2=" "><subfield code="b">MIU</subfield><subfield code="c">MIU</subfield><subfield code="d">20190719</subfield><subfield code="s">lit-dlps-dc</subfield><subfield code="u">mdp.39015079132679</subfield><subfield code="y">1864</subfield><subfield code="r">pd</subfield><subfield code="q">exp</subfield></datafield></record></collection>